<?xml version="1.0" encoding="UTF-8"?><collection xmlns="http://www.loc.gov/MARC21/slim"><record><leader>00407nam--2200157-i-4500</leader><controlfield tag="001">000017676</controlfield><controlfield tag="002">20161230</controlfield><controlfield tag="005">20170206184737</controlfield><controlfield tag="008">060222s1000------------r-----000-0-eng-d</controlfield><datafield ind1=" " ind2=" " tag="080"><subfield code="a">547.45</subfield></datafield><datafield ind1=" " ind2=" " tag="245"><subfield code="a">Advances in carbohydrate chemistry and biochemistry</subfield></datafield><datafield ind1=" " ind2=" " tag="260"><subfield code="a">New York</subfield><subfield code="b">Academic Press</subfield><subfield code="c">1969</subfield></datafield><datafield ind1=" " ind2=" " tag="300"><subfield code="a">XI + 520 p</subfield></datafield><datafield ind1=" " ind2=" " tag="700"><subfield code="a">Tipson, Stuart R</subfield></datafield><datafield ind1=" " ind2=" " tag="852"><subfield code="a">17870</subfield></datafield><datafield ind1=" " ind2=" " tag="CAT"><subfield code="a">SYS</subfield><subfield code="c">20170206</subfield><subfield code="h">184737</subfield></datafield></record></collection>